<record><leader>00000cas a22000007a 4500</leader><controlfield tag="001">17489898</controlfield><controlfield tag="008">880217d19381946deuwr ne      0    0eng d</controlfield><datafield ind1=" " ind2=" " tag="010"><subfield code="a">sn 88053010 </subfield></datafield><datafield ind1=" " ind2=" " tag="040"><subfield code="a">DEX</subfield><subfield code="b">eng</subfield><subfield code="c">DEX</subfield><subfield code="d">OCLCQ</subfield></datafield><datafield ind1=" " ind2=" " tag="042"><subfield code="a">msc</subfield></datafield><datafield ind1="0" ind2="0" tag="245"><subfield code="a">New Castle county gazette.</subfield></datafield><datafield ind1=" " ind2=" " tag="260"><subfield code="a">New Castle, Del. :</subfield><subfield code="b">New Castle Pub. Co.</subfield></datafield><datafield ind1=" " ind2=" " tag="300"><subfield code="a">v.</subfield></datafield><datafield ind1=" " ind2=" " tag="310"><subfield code="a">Weekly</subfield></datafield><datafield ind1="0" ind2=" " tag="362"><subfield code="a">Vol. 1, no. 1 (Apr. 7, 1938)-</subfield></datafield><datafield ind1="1" ind2=" " tag="362"><subfield code="a">Ceased in 1946?</subfield></datafield><datafield ind1=" " ind2=" " tag="752"><subfield code="a">United States</subfield><subfield code="b">Delaware</subfield><subfield code="c">New Castle</subfield><subfield code="d">New Castle.</subfield></datafield><datafield ind1="0" ind2="0" tag="785"><subfield code="t">New Castle gazette (New Castle, Del.)</subfield><subfield code="w">(DLC)sn 84026834</subfield></datafield></record>